@article{dekeyser2006extending,
  title={Extending google docs to collaborate on research papers},
  author={Dekeyser, Stijn and Watson, Richard},
  journal={University of Southern Queensland, Australia},
  volume={23},
  pages={2008},
  year={2006}
}
@inproceedings{dirix2013genmymodel,
  title={GenMyModel: an online UML case tool},
  author={Dirix, Michel and Muller, Alexis and Aranega, Vincent},
  booktitle={ECOOP},
  year={2013}
}
@INPROCEEDINGS{kuryazov+2013,
address = {Oldenburg},
author = {Kuryazov, Dilshodbek and Solsbach, Andreas and  Winter, Andreas},
number = {05/2013},
publisher = {Carl von Ossietzky University, Oldenburg, Software-Engineering},
title = {Towards Versioning Systainability Reports},
year = {2013}
}
@inproceedings{kuryazov2014representing,
  title={Representing Model Differences by Delta Operations.},
  author={Kuryazov, Dilshodbek and Winter, Andreas},
  booktitle={EDOC Workshops},
  pages={211--220},
  year={2014}
}
@inproceedings{kuryazov2015collaborative,
  title={Collaborative Modeling Empowered By Modeling Deltas},
  author={Kuryazov, Dilshodbek and Winter, Andreas},
  booktitle={Proceedings of the 3rd International Workshop on (Document) Changes: modeling, detection, storage and visualization},
  pages={1--6},
  year={2015},
  organization={ACM}
}
@article{barjis2008importance,
  title={The importance of business process modeling in software systems design},
  author={Barjis, Joseph},
  journal={Science of Computer Programming},
  volume={71},
  number={1},
  pages={73--87},
  year={2008},
  publisher={Elsevier}
}
@inproceedings{brooks2006some,
  title={Some thoughts on conceptual modelling: performance, complexity and simplification},
  author={Brooks, RJ},
  booktitle={Proceedings of the 2006 OR Society Simulation Workshop},
  pages={28--29},
  year={2006}
}
@article{robinson2008conceptual,
  title={Conceptual modelling for simulation Part I: definition and requirements},
  author={Robinson, Stewart},
  journal={Journal of the operational research society},
  volume={59},
  number={3},
  pages={278--290},
  year={2008},
  publisher={Springer}
}
@article{boehm2001developing,
  title={Developing groupware for requirements negotiation: lessons learned},
  author={Boehm, Barry and Grunbacher, Paul and Briggs, Robert O},
  journal={IEEE software},
  volume={18},
  number={3},
  pages={46--55},
  year={2001},
  publisher={IEEE}
}
@article{renger2008challenges,
  title={Challenges in collaborative modelling: a literature review and research agenda},
  author={Renger, Michiel and Kolfschoten, Gwendolyn L and De Vreede, Gert-Jan},
  journal={International Journal of Simulation and Process Modelling},
  volume={4},
  number={3-4},
  pages={248--263},
  year={2008},
  publisher={Inderscience Publishers}
}
@article{vennix1992model,
  title={Model-building for group decision support: issues and alternatives in knowledge elicitation},
  author={Vennix, Jac AM and Andersen, David F and Richardson, George P and Rohrbaugh, John},
  journal={European Journal of Operational Research},
  volume={59},
  number={1},
  pages={28--41},
  year={1992},
  publisher={Elsevier}
}
@book{booch2005unified,
  title={The unified modeling language user guide},
  author={Booch, Grady},
  year={2005},
  publisher={Pearson Education India}
}
@inproceedings{nicolaescu2013browser,
  title={Browser-based collaborative modeling in near real-time},
  author={Nicolaescu, Petru and Derntl, Michael and Klamma, Ralf},
  booktitle={Collaborative Computing: Networking, Applications and Worksharing (Collaboratecom), 2013 9th International Conference Conference on},
  pages={335--344},
  year={2013},
  organization={IEEE}
}
@article{kvan2000collaborative,
  title={Collaborative design: what is it?},
  author={Kvan, Thomas},
  journal={Automation in construction},
  volume={9},
  number={4},
  pages={409--415},
  year={2000},
  publisher={Elsevier}
}
@article{cera2004role,
  title={Role-based viewing envelopes for information protection in collaborative modeling},
  author={Cera, Christopher D and Kim, Taeseong and Han, JungHyun and Regli, William C},
  journal={Computer-Aided Design},
  volume={36},
  number={9},
  pages={873--886},
  year={2004},
  publisher={Elsevier}
}
@article{tang2004agent,
  title={An agent-based collaborative design system to facilitate active die-maker involvement in stamping part design},
  author={Tang, Dunbing},
  journal={Computers in Industry},
  volume={54},
  number={3},
  pages={253--271},
  year={2004},
  publisher={Elsevier}
}
@article{anumba2002collaborative,
  title={Collaborative design of structures using intelligent agents},
  author={Anumba, CJ\_ and Ugwu, OO and Newnham, Leonard and Thorpe, A},
  journal={Automation in construction},
  volume={11},
  number={1},
  pages={89--103},
  year={2002},
  publisher={Elsevier}
}
@inproceedings{maher1996experimental,
  title={An experimental study of computer mediated collaborative design},
  author={Maher, Mary Lou and Cicognani, Anna and Simoff, Simeon},
  booktitle={Enabling Technologies: Infrastructure for Collaborative Enterprises, 1996. Proceedings of the 5th Workshop on},
  pages={268--273},
  year={1996},
  organization={IEEE}
}
@inproceedings{cook2005modelling,
  title={Modelling and measuring collaborative software engineering},
  author={Cook, Carl and Churcher, Neville},
  booktitle={Proceedings of the Twenty-eighth Australasian conference on Computer Science-Volume 38},
  pages={267--276},
  year={2005},
  organization={Australian Computer Society, Inc.}
}
@inproceedings{young2010codesign,
  title={CoDesign: a highly extensible collaborative software modeling framework},
  author={young Bang, Jae and Popescu, Daniel and Edwards, George and Medvidovic, Nenad and Kulkarni, Naveen and Rama, Girish M and Padmanabhuni, Srinivas},
  booktitle={Software Engineering, 2010 ACM/IEEE 32nd International Conference on},
  volume={2},
  pages={243--246},
  year={2010},
  organization={IEEE}
}
@misc{etherpad,
  author = {},
  title = {{AppJet Inc. Etherpad}},
  howpublished = "\url{http://etherpad.com/}",
  year = {2017}, 
  note = "[Online; accessed 20-april-2017]"
}

@misc{creately,
  author = {},
  title = {{Cinergix Pty.}},
  howpublished = "\url{http://www.creately.com/}",
  year = {2017}, 
  note = "[Online; accessed 20-april-2017]"
}